<collection xmlns="http://www.loc.gov/MARC21/slim">
<record>
  <leader>00995nam0a22002411i 450 </leader>
  <controlfield tag="001">IT\ICCU\CNCE\050572</controlfield>
  <controlfield tag="005">20001205000000.0</controlfield>
  <datafield tag="100" ind1=" " ind2=" ">
    <subfield code="a">20000126f1522        0itac0103    ba</subfield>
  </datafield>
  <datafield tag="101" ind1=" " ind2=" ">
    <subfield code="a">ITA</subfield>
  </datafield>
  <datafield tag="102" ind1=" " ind2=" ">
    <subfield code="a">IT</subfield>
  </datafield>
  <datafield tag="200" ind1="1" ind2=" ">
    <subfield code="a">℗La ℗guerra nova del turcho contra la potente cita di Rhodi principiada adi vinti sei Zugno. 1522. Composta per Daniel perosino</subfield>
  </datafield>
  <datafield tag="210" ind1=" " ind2=" ">
    <subfield code="a">(Napoli</subfield>
    <subfield code="c">per maestro Zuane di Conti)</subfield>
    <subfield code="d">\1522!</subfield>
  </datafield>
  <datafield tag="215" ind1=" " ind2=" ">
    <subfield code="a">\4! c.</subfield>
    <subfield code="d">4ʻ</subfield>
  </datafield>
  <datafield tag="300" ind1=" " ind2=" ">
    <subfield code="a">NON SIGLATA</subfield>
  </datafield>
  <datafield tag="620" ind1=" " ind2=" ">
    <subfield code="a">IT</subfield>
    <subfield code="d">Napoli</subfield>
  </datafield>
  <datafield tag="700" ind1=" " ind2="0">
    <subfield code="a">Daniele</subfield>
    <subfield code="c"> : da#Perugia</subfield>
    <subfield code="3">IT\ICCU\CNCA\000207</subfield>
  </datafield>
  <datafield tag="712" ind1="0" ind2="0">
    <subfield code="a">Conti, Giovanni</subfield>
    <subfield code="3">IT\ICCU\CNCT\003526</subfield>
    <subfield code="4">650</subfield>
  </datafield>
  <datafield tag="790" ind1=" " ind2="0">
    <subfield code="a">Daniel</subfield>
    <subfield code="c"> : Perusinus</subfield>
    <subfield code="3">IT\ICCU\CNCA\015245</subfield>
    <subfield code="z">Daniele : da#Perugia</subfield>
  </datafield>
  <datafield tag="790" ind1=" " ind2="1">
    <subfield code="a">Perugino,</subfield>
    <subfield code="b">Daniele</subfield>
    <subfield code="3">IT\ICCU\CNCA\015246</subfield>
    <subfield code="z">Daniele : da#Perugia</subfield>
  </datafield>
  <datafield tag="791" ind1="0" ind2="0">
    <subfield code="a">De_Conti, Giovanni</subfield>
    <subfield code="3">IT\ICCU\CNCT\003527</subfield>
    <subfield code="z">Conti, Giovanni</subfield>
  </datafield>
  <datafield tag="791" ind1="0" ind2="0">
    <subfield code="a">Conti, Zuane di</subfield>
    <subfield code="3">IT\ICCU\CNCT\004667</subfield>
    <subfield code="z">Conti, Giovanni</subfield>
  </datafield>
  <datafield tag="791" ind1="0" ind2="0">
    <subfield code="a">De Conti, Giovanni</subfield>
    <subfield code="3">IT\ICCU\CNCT\004668</subfield>
    <subfield code="z">Conti, Giovanni</subfield>
  </datafield>
  <datafield tag="801" ind1=" " ind2="3">
    <subfield code="a">IT</subfield>
    <subfield code="b">ICCU</subfield>
    <subfield code="c">20201115</subfield>
  </datafield>
</record>
</collection>
